<record><leader>00000cas a22000007a 4500</leader><controlfield tag="001">29555933</controlfield><controlfield tag="007">hd afb---bacp</controlfield><controlfield tag="008">931228u19uuuuuucau x nea     0    0eng c</controlfield><datafield ind1=" " ind2=" " tag="010"><subfield code="a">  2003263931</subfield></datafield><datafield ind1=" " ind2=" " tag="040"><subfield code="a">AZS</subfield><subfield code="b">eng</subfield><subfield code="c">AZS</subfield><subfield code="d">OCL</subfield><subfield code="d">TXA</subfield><subfield code="d">DLC</subfield><subfield code="d">OCLCQ</subfield><subfield code="d">OCLCO</subfield><subfield code="d">OCLCF</subfield><subfield code="d">OCLCO</subfield></datafield><datafield ind1="1" ind2=" " tag="029"><subfield code="a">AU@</subfield><subfield code="b">000024891017</subfield></datafield><datafield ind1=" " ind2=" " tag="037"><subfield code="b">Bay Microfilms, Inc., 1115 E. Arques Ave., Sunnyvale, CA 94086</subfield></datafield><datafield ind1=" " ind2=" " tag="042"><subfield code="a">pcc</subfield></datafield><datafield ind1=" " ind2=" " tag="043"><subfield code="a">n-us-ca</subfield></datafield><datafield ind1="0" ind2="0" tag="050"><subfield code="a">Newspaper</subfield></datafield><datafield ind1="1" ind2="4" tag="050"><subfield code="a">E184.M5</subfield><subfield code="b">C4535 Sec. 2, roll D</subfield></datafield><datafield ind1="0" ind2="0" tag="245"><subfield code="a">Cato&#769;licos por la raza</subfield><subfield code="h">[microform] :</subfield><subfield code="b">CPLR.</subfield></datafield><datafield ind1="1" ind2="3" tag="246"><subfield code="a">Cato&#769;licos por la raza and Mexican-Americans</subfield></datafield><datafield ind1="3" ind2="0" tag="246"><subfield code="a">CPLR</subfield></datafield><datafield ind1=" " ind2=" " tag="260"><subfield code="a">Los Angeles :</subfield><subfield code="b">[s.n.]</subfield></datafield><datafield ind1=" " ind2=" " tag="300"><subfield code="a">v. :</subfield><subfield code="b">ill.</subfield></datafield><datafield ind1=" " ind2=" " tag="310"><subfield code="a">Irregular</subfield></datafield><datafield ind1=" " ind2=" " tag="546"><subfield code="a">In English and Spanish.</subfield></datafield><datafield ind1=" " ind2=" " tag="588"><subfield code="a">Description based on: Jan. 1970; title from caption.</subfield></datafield><datafield ind1=" " ind2=" " tag="533"><subfield code="a">Microfilm.</subfield><subfield code="m">Jan. 1970</subfield><subfield code="b">Palo Alto, Calif. :</subfield><subfield code="c">Filmed by Bay Microfilm, Inc., Library Microfilms Division, [in conjunction with the Chicano Studies Collections, University of California, Berkeley].</subfield><subfield code="e">1 microfilm reel ; 35 mm.</subfield><subfield code="f">([Chicano serials collection] ; Sec. 2, roll D)</subfield><subfield code="n">Filmed with other titles.</subfield></datafield><datafield ind1=" " ind2="0" tag="650"><subfield code="a">Mexican American Catholics</subfield><subfield code="z">California</subfield><subfield code="v">Newspapers.</subfield></datafield><datafield ind1=" " ind2="0" tag="650"><subfield code="a">Mexican Americans</subfield><subfield code="z">California</subfield><subfield code="v">Newspapers.</subfield></datafield><datafield ind1=" " ind2="0" tag="650"><subfield code="a">Christianity and politics</subfield><subfield code="z">California</subfield><subfield code="x">Catholic Church</subfield><subfield code="v">Newspapers.</subfield></datafield><datafield ind1=" " ind2="7" tag="655"><subfield code="a">Newspapers.</subfield><subfield code="2">fast</subfield><subfield code="0">(OCoLC)fst01423814</subfield></datafield><datafield ind1=" " ind2="7" tag="650"><subfield code="a">Christianity and politics</subfield><subfield code="x">Catholic Church.</subfield><subfield code="2">fast</subfield><subfield code="0">(OCoLC)fst01766759</subfield></datafield><datafield ind1=" " ind2="7" tag="650"><subfield code="a">Mexican American Catholics.</subfield><subfield code="2">fast</subfield><subfield code="0">(OCoLC)fst01018920</subfield></datafield><datafield ind1=" " ind2="7" tag="650"><subfield code="a">Mexican Americans.</subfield><subfield code="2">fast</subfield><subfield code="0">(OCoLC)fst01019072</subfield></datafield><datafield ind1=" " ind2="7" tag="651"><subfield code="a">California.</subfield><subfield code="2">fast</subfield><subfield code="0">(OCoLC)fst01204928</subfield></datafield><datafield ind1=" " ind2=" " tag="752"><subfield code="a">United States</subfield><subfield code="b">California</subfield><subfield code="c">Los Angeles</subfield><subfield code="d">Los Angeles.</subfield></datafield><datafield ind1="1" ind2=" " tag="776"><subfield code="c">Original</subfield><subfield code="w">(OCoLC)35282815</subfield></datafield><datafield ind1=" " ind2="0" tag="830"><subfield code="a">Chicano serials collection ;</subfield><subfield code="v">Sec. 2, roll d.</subfield></datafield><datafield ind1=" " ind2=" " tag="850"><subfield code="a">DLC</subfield></datafield></record>